@Misc{IBMBigReplicate,
author = {IBM},
title = {IBM Big Replicate},
howpublished = {Web Page},
timestamp = {2018-02-18},
Url = {https://www.ibm.com/us-en/marketplace/big-replicate},
}


@Misc{IBMDB2BigSql,
author = {IBM},
title = {IBM DB2 Big Sql},
howpublished = {Web Page},
timestamp = {2018-02-18},
Url = {https://www.ibm.com/us-en/marketplace/big-sql},
}


@Misc{TeradataIntellibase,
author = {Teradata},
title = {Teradata Intellibase},
howpublished = {Web Page},
timestamp = {2018-02-18},
Url = {https://www.teradata.com/products-and-services/intellibase/},
}


@Misc{TeradataKylo,
author = {Teradata},
title = {Teradata Kylo},
howpublished = {Web Page},
timestamp = {2018-02-18},
Url = {https://kylo.io/index.html},
}

@Misc{JelasticWiki,
author = {Jelastic},
title = {Jelastic},
howpublished = {Web Page},
timestamp = {2018-02-18},
Url = {https://jelastic.com/},
}

