@Inbook{hid-sp18-408-IBMBigReplicate-intro,
  author = 	 "IBM",
  editor =       "",
  title =        "IBM Big Replicate",
  subtitle =     "",
  series =       "",
  year =         "",
  volume = 	 "",
  address =      "",
  edition =      "",
  publisher =    "IBM",
  doi = 	 "",
  url = 	 "https://www-01.ibm.com/common/ssi/cgi-bin/ssialias?htmlfid=IMS14524USEN&",
  OPTchapter = 	 "",
  OPTpages = 	 "",
  OPTnumber = 	 "",
  OPTtype = 	 "",
  OPTmonth = 	 "",
  OPTnote = 	 "",
}

@Inbook{hid-sp18-408-IBMBigReplicate-architecture,
  author =   "Gautam Siwach",
  editor =       "",
  title =        "Big Replicate - Data Replication for Hadoop",
  subtitle =     "",
  series =       "",
  year =         "2016",
  volume =   "",
  address =      "",
  edition =      "",
  publisher =    "Medium",
  doi =    "",
  url =    "https://medium.com/@ostechtalks/big-replicate-data-replication-for-hadoop-18ca79139900",
  OPTchapter =   "",
  OPTpages =   "",
  OPTnumber =    "",
  OPTtype =    "",
  OPTmonth =   "",
  OPTnote =    "",
}

@Inbook{hid-sp18-408-IBMBigReplicate-features,
  author =   "WANDISCO",
  editor =       "",
  title =        "WANDISCO Fusion Powers IBM Big Replicate",
  subtitle =     "",
  series =       "",
  year =         "",
  volume =   "",
  address =      "",
  edition =      "",
  publisher =    "WANDISCO",
  doi =    "",
  url =    "https://www.wandisco.com/product/ibm-big-replicate",
  OPTchapter =   "",
  OPTpages =   "",
  OPTnumber =    "",
  OPTtype =    "",
  OPTmonth =   "",
  OPTnote =    "",
}

